@article{ragni2017formal,
  title={Formal nonmonotonic theories and properties of human defeasible reasoning},
  author={Ragni, Marco and Eichhorn, Christian and Bock, Tanja and Kern-Isberner, Gabriele and Tse, Alice Ping Ping},
  journal={Minds and Machines},
  volume={27},
  number={1},
  pages={79--117},
  year={2017},
  publisher={Springer}
}
@inproceedings{holldobler2015weak,
  title={Weak Completion Semantics and its Applications in Human Reasoning.},
  author={H{\"o}lldobler, Steffen},
  booktitle={Bridging@ CADE},
  pages={2--16},
  year={2015}
}
@article{byrne1989suppressing,
  title={Suppressing valid inferences with conditionals},
  author={Byrne, Ruth MJ},
  journal={Cognition},
  volume={31},
  number={1},
  pages={61--83},
  year={1989},
  publisher={Elsevier}
}
@article{wason1968reasoning,
  title={Reasoning about a rule},
  author={Wason, Peter C},
  journal={Quarterly journal of experimental psychology},
  volume={20},
  number={3},
  pages={273--281},
  year={1968},
  publisher={SAGE Publications Sage UK: London, England}
}
@article{mcdermott1980non,
  title={Non-monotonic logic I},
  author={McDermott, Drew and Doyle, Jon},
  journal={Artificial intelligence},
  volume={13},
  number={1-2},
  pages={41--72},
  year={1980},
  publisher={Elsevier}
}
@article{stenning2008interpretation,
  title={Interpretation, representation, and deductive reasoning},
  author={Stenning, Keith and Van Lambalgen, Michiel and others},
  journal={Reasoning: Studies of human inference and its foundations},
  pages={223--248},
  year={2008},
  publisher={Cambridge University Press Cambridge, England}
}
@article{needleman1970general,
  title={A general method applicable to the search for similarities in the amino acid sequence of two proteins},
  author={Needleman, Saul B and Wunsch, Christian D},
  journal={Journal of molecular biology},
  volume={48},
  number={3},
  pages={443--453},
  year={1970},
  publisher={Elsevier}
}
@inproceedings{ragni2017wason,
  title={The Wason Selection task: A Meta-Analysis.},
  author={Ragni, Marco and Kola, Ilir and Johnson-Laird, Phil},
  booktitle={CogSci},
  year={2017}
}
@inproceedings{breu2019weak,
  title={The Weak Completion Semantics Can Model Inferences of Individual Human Reasoners},
  author={Breu, Christian and Ind, Axel and Mertesdorf, Julia and Ragni, Marco},
  booktitle={European Conference on Logics in Artificial Intelligence},
  pages={498--508},
  year={2019},
  organization={Springer}
}

@article{smith1981identification,
  title={Identification of common molecular subsequences},
  author={Smith, Temple F and Waterman, Michael S and others},
  journal={Journal of molecular biology},
  volume={147},
  number={1},
  pages={195--197},
  year={1981},
  publisher={Elsevier Science}
}

@article{griffiths1994role,
  title={The role of cognitive bias and skill in fruit machine gambling},
  author={Griffiths, Mark D},
  journal={British journal of Psychology},
  volume={85},
  number={3},
  pages={351--369},
  year={1994},
  publisher={Wiley Online Library}
}

@article{bray1978authoritarianism,
  title={Authoritarianism and decisions of mock juries: Evidence of jury bias and group polarization.},
  author={Bray, Robert M and Noble, Audrey M},
  journal={Journal of Personality and Social Psychology},
  volume={36},
  number={12},
  pages={1424},
  year={1978},
  publisher={American Psychological Association}
}

@article{brown2010omission,
  title={Omission bias and vaccine rejection by parents of healthy children: implications for the influenza A/H1N1 vaccination programme},
  author={Brown, Katrina F and Kroll, J Simon and Hudson, Michael J and Ramsay, Mary and Green, John and Vincent, Charles A and Fraser, Graham and Sevdalis, Nick},
  journal={Vaccine},
  volume={28},
  number={25},
  pages={4181--4185},
  year={2010},
  publisher={Elsevier}
}

@article{wroe2005feeling,
  title={Feeling bad about immunising our children},
  author={Wroe, Abigail L and Bhan, Angela and Salkovskis, Paul and Bedford, Helen},
  journal={Vaccine},
  volume={23},
  number={12},
  pages={1428--1433},
  year={2005},
  publisher={Elsevier}
}

@article{tappin2017heart,
  title={The heart trumps the head: Desirability bias in political belief revision.},
  author={Tappin, Ben M and van der Leer, Leslie and McKay, Ryan T},
  journal={Journal of Experimental Psychology: General},
  volume={146},
  number={8},
  pages={1143},
  year={2017},
  publisher={American Psychological Association}
}

@inproceedings{saldanha2017weak,
  title={The Weak Completion Semantics.},
  author={Saldanha, Emmanuelle-Anna Dietz and H{\"o}lldobler, Steffen and Rocha, Isabelly Lour{\^e}do},
  booktitle={Bridging@ CogSci},
  pages={18--30},
  year={2017}
}

@article{dietz2014modeling,
  title={Modeling the suppression task under weak completion and well-founded semantics},
  author={Dietz, Emmanuelle-Anna and H{\"o}lldobler, Steffen and Wernhard, Christoph},
  journal={Journal of Applied Non-Classical Logics},
  volume={24},
  number={1-2},
  pages={61--85},
  year={2014},
  publisher={Taylor \& Francis}
}


%=============================================
@article{mocanu2018scalable,
  title={Scalable training of artificial neural networks with adaptive sparse connectivity inspired by network science},
  author={Mocanu, Decebal Constantin and Mocanu, Elena and Stone, Peter and Nguyen, Phuong H and Gibescu, Madeleine and Liotta, Antonio},
  journal={Nature communications},
  volume={9},
  number={1},
  pages={1--12},
  year={2018},
  publisher={Nature Publishing Group}
}
@article{sigman2008brain,
  title={Brain mechanisms of serial and parallel processing during dual-task performance},
  author={Sigman, Mariano and Dehaene, Stanislas},
  journal={Journal of Neuroscience},
  volume={28},
  number={30},
  pages={7585--7598},
  year={2008},
  publisher={Soc Neuroscience}
}

@article{smirnova2015crows,
  title={Crows spontaneously exhibit analogical reasoning},
  author={Smirnova, Anna and Zorina, Zoya and Obozova, Tanya and Wasserman, Edward},
  journal={Current Biology},
  volume={25},
  number={2},
  pages={256--260},
  year={2015},
  publisher={Elsevier}
}

@inproceedings{dietz2012computational,
  title={A computational logic approach to the suppression task},
  author={Dietz, Emmanuelle-Anna and Holldobler, Steffan and Ragni, Marco},
  booktitle={Proceedings of the Annual Meeting of the Cognitive Science Society},
  volume={34},
  number={34},
  year={2012}
}
